[gd_scene load_steps=5 format=2]

[ext_resource path="res://assets/world/plants/seaweed2.png" type="Texture" id=1]
[ext_resource path="res://shaders/black_outline.shader" type="Shader" id=2]
[ext_resource path="res://world/plants/Berry_spot.gd" type="Script" id=3]

[sub_resource type="ShaderMaterial" id=1]
shader = ExtResource( 2 )
shader_param/line_color = Color( 0, 0, 0, 1 )
shader_param/line_thickness = 1.0

[node name="Berry_plant" type="Node2D"]

[node name="Plant" type="Sprite" parent="."]
material = SubResource( 1 )
position = Vector2( -5.4, -110.9 )
scale = Vector2( 0.463473, 0.493279 )
texture = ExtResource( 1 )
flip_h = true

[node name="FishSize" type="Label" parent="."]
visible = false
margin_left = 24.0
margin_top = -152.0
margin_right = 64.0
margin_bottom = -121.0
text = "Fish
"
__meta__ = {
"_edit_use_anchors_": false
}

[node name="Spots" type="Node2D" parent="."]

[node name="Spot" type="Node2D" parent="Spots"]
position = Vector2( 40, -168 )
script = ExtResource( 3 )

[node name="Spot2" type="Node2D" parent="Spots"]
position = Vector2( 32, -128 )
script = ExtResource( 3 )

[node name="Spot3" type="Node2D" parent="Spots"]
position = Vector2( -64, -88 )
script = ExtResource( 3 )

[node name="Spot4" type="Node2D" parent="Spots"]
position = Vector2( -16, -104 )
script = ExtResource( 3 )

[node name="Spot5" type="Node2D" parent="Spots"]
position = Vector2( 16, -56 )
script = ExtResource( 3 )
