[gd_scene load_steps=15 format=2]

[ext_resource path="res://Main_menu/Main_menu.gd" type="Script" id=1]
[ext_resource path="res://Main_menu/Main_menu_text.tscn" type="PackedScene" id=2]
[ext_resource path="res://shaders/blur.shader" type="Shader" id=3]
[ext_resource path="res://Main_menu/Options_text.tscn" type="PackedScene" id=4]
[ext_resource path="res://assets/sounds/ambient_bubble.wav" type="AudioStream" id=5]
[ext_resource path="res://assets/fonts/Main_menu/Options_small.tres" type="DynamicFont" id=6]

[sub_resource type="ShaderMaterial" id=1]
shader = ExtResource( 3 )
shader_param/blur_amount = 5.0

[sub_resource type="Animation" id=2]
resource_name = "BlurCredits"
length = 1.5
tracks/0/type = "value"
tracks/0/path = NodePath("WhiteBlur/FadeToWhite:color")
tracks/0/interp = 1
tracks/0/loop_wrap = true
tracks/0/imported = false
tracks/0/enabled = true
tracks/0/keys = {
"times": PoolRealArray( 0, 1 ),
"transitions": PoolRealArray( 1, 1 ),
"update": 0,
"values": [ Color( 0, 0, 0, 0 ), Color( 0, 0, 0, 1 ) ]
}
tracks/1/type = "value"
tracks/1/path = NodePath("WhiteBlur/Blur:material:shader_param/blur_amount")
tracks/1/interp = 1
tracks/1/loop_wrap = true
tracks/1/imported = false
tracks/1/enabled = true
tracks/1/keys = {
"times": PoolRealArray( 0, 1 ),
"transitions": PoolRealArray( 1, 1 ),
"update": 0,
"values": [ 0.0, 5.0 ]
}

[sub_resource type="Animation" id=3]
tracks/0/type = "value"
tracks/0/path = NodePath("WhiteBlur/Blur:material:shader_param/blur_amount")
tracks/0/interp = 1
tracks/0/loop_wrap = true
tracks/0/imported = false
tracks/0/enabled = true
tracks/0/keys = {
"times": PoolRealArray( 0, 1 ),
"transitions": PoolRealArray( 1, 1 ),
"update": 0,
"values": [ 0.0, 5.0 ]
}
tracks/1/type = "value"
tracks/1/path = NodePath("WhiteBlur/FadeToWhite:color")
tracks/1/interp = 1
tracks/1/loop_wrap = true
tracks/1/imported = false
tracks/1/enabled = true
tracks/1/keys = {
"times": PoolRealArray( 0, 1 ),
"transitions": PoolRealArray( 1, 1 ),
"update": 0,
"values": [ Color( 1, 1, 1, 0 ), Color( 1, 1, 1, 1 ) ]
}

[sub_resource type="Animation" id=4]
length = 1.2
tracks/0/type = "value"
tracks/0/path = NodePath("WhiteBlur/FadeToWhite:color")
tracks/0/interp = 1
tracks/0/loop_wrap = true
tracks/0/imported = false
tracks/0/enabled = true
tracks/0/keys = {
"times": PoolRealArray( 0.2, 1.2 ),
"transitions": PoolRealArray( 1, 1 ),
"update": 0,
"values": [ Color( 1, 1, 1, 1 ), Color( 1, 1, 1, 0 ) ]
}
tracks/1/type = "value"
tracks/1/path = NodePath("WhiteBlur/Blur:material:shader_param/blur_amount")
tracks/1/interp = 1
tracks/1/loop_wrap = true
tracks/1/imported = false
tracks/1/enabled = true
tracks/1/keys = {
"times": PoolRealArray( 0.2, 1.2 ),
"transitions": PoolRealArray( 1, 1 ),
"update": 0,
"values": [ 5.0, 0.0 ]
}

[sub_resource type="Animation" id=5]
tracks/0/type = "value"
tracks/0/path = NodePath("Main_menu_text:modulate")
tracks/0/interp = 1
tracks/0/loop_wrap = true
tracks/0/imported = false
tracks/0/enabled = true
tracks/0/keys = {
"times": PoolRealArray( 0, 1 ),
"transitions": PoolRealArray( 1, 1 ),
"update": 0,
"values": [ Color( 1, 1, 1, 0 ), Color( 1, 1, 1, 1 ) ]
}

[sub_resource type="Animation" id=6]
tracks/0/type = "value"
tracks/0/path = NodePath("Main_menu_text:modulate")
tracks/0/interp = 1
tracks/0/loop_wrap = true
tracks/0/imported = false
tracks/0/enabled = true
tracks/0/keys = {
"times": PoolRealArray( 0, 1 ),
"transitions": PoolRealArray( 1, 1 ),
"update": 0,
"values": [ Color( 1, 1, 1, 1 ), Color( 1, 1, 1, 0 ) ]
}

[sub_resource type="Animation" id=7]
length = 1.2
tracks/0/type = "value"
tracks/0/path = NodePath("Options_text:modulate")
tracks/0/interp = 1
tracks/0/loop_wrap = true
tracks/0/imported = false
tracks/0/enabled = true
tracks/0/keys = {
"times": PoolRealArray( 0.2, 1.2 ),
"transitions": PoolRealArray( 1, 1 ),
"update": 0,
"values": [ Color( 1, 1, 1, 0 ), Color( 1, 1, 1, 1 ) ]
}

[sub_resource type="Animation" id=8]
tracks/0/type = "value"
tracks/0/path = NodePath("Options_text:modulate")
tracks/0/interp = 1
tracks/0/loop_wrap = true
tracks/0/imported = false
tracks/0/enabled = true
tracks/0/keys = {
"times": PoolRealArray( 0, 1 ),
"transitions": PoolRealArray( 1, 1 ),
"update": 0,
"values": [ Color( 1, 1, 1, 1 ), Color( 1, 1, 1, 0 ) ]
}

[node name="Menu" type="Node2D"]
script = ExtResource( 1 )

[node name="Background" type="PanelContainer" parent="."]
anchor_right = 1.0
anchor_bottom = 1.0
margin_right = 1920.0
margin_bottom = 1080.0
__meta__ = {
"_edit_use_anchors_": false
}

[node name="ColorRect" type="ColorRect" parent="Background"]
margin_left = 7.0
margin_top = 7.0
margin_right = 1913.0
margin_bottom = 1073.0
color = Color( 0.933333, 0.933333, 0.933333, 1 )
__meta__ = {
"_edit_use_anchors_": false
}

[node name="Bubbles" type="Node2D" parent="."]
modulate = Color( 2, 1.56863, 0.784314, 1 )

[node name="Fishes" type="Node2D" parent="."]

[node name="Main_menu_text" parent="." instance=ExtResource( 2 )]
modulate = Color( 1, 1, 1, 0 )
margin_left = 1456.0
margin_top = 120.0
margin_right = 1456.0
margin_bottom = 120.0

[node name="Options_text" parent="." instance=ExtResource( 4 )]
visible = false
margin_left = 150.0
margin_top = 50.0
margin_right = 150.0
margin_bottom = 50.0

[node name="Camera2D" type="Camera2D" parent="."]
position = Vector2( 960, 536 )
current = true

[node name="VersionNumber" type="Label" parent="."]
margin_left = 1752.0
margin_top = 1024.0
margin_right = 1903.0
margin_bottom = 1058.0
custom_fonts/font = ExtResource( 6 )
custom_colors/font_color = Color( 0, 0, 0, 1 )
text = "Version nr."
__meta__ = {
"_edit_use_anchors_": false
}

[node name="WhiteBlur" type="Control" parent="."]
margin_right = 40.0
margin_bottom = 40.0
__meta__ = {
"_edit_use_anchors_": false
}

[node name="Blur" type="ColorRect" parent="WhiteBlur"]
material = SubResource( 1 )
margin_right = 1912.0
margin_bottom = 1072.0
mouse_filter = 2
__meta__ = {
"_edit_use_anchors_": false
}

[node name="FadeToWhite" type="ColorRect" parent="WhiteBlur"]
margin_right = 1912.0
margin_bottom = 1072.0
mouse_filter = 2
__meta__ = {
"_edit_use_anchors_": false
}

[node name="AnimationPlayerToWhite" type="AnimationPlayer" parent="."]
anims/BlurCredits = SubResource( 2 )
anims/WhiteBlur = SubResource( 3 )
anims/WhiteBlurInv = SubResource( 4 )

[node name="AnimationPlayerTextFade" type="AnimationPlayer" parent="."]
anims/main_menu_in = SubResource( 5 )
anims/main_menu_out = SubResource( 6 )
anims/options_in = SubResource( 7 )
anims/options_out = SubResource( 8 )

[node name="AudioStreamPlayer_ambient_bubble" type="AudioStreamPlayer" parent="."]
stream = ExtResource( 5 )
autoplay = true

[node name="Timer_ambient_bubble" type="Timer" parent="."]
one_shot = true

[connection signal="animation_finished" from="AnimationPlayerToWhite" to="." method="_on_AnimationPlayerToWhite_animation_finished"]
[connection signal="animation_finished" from="AnimationPlayerTextFade" to="." method="_on_AnimationPlayerTextFade_animation_finished"]
[connection signal="timeout" from="Timer_ambient_bubble" to="." method="_on_Timer_ambient_bubble_timeout"]
