[gd_scene load_steps=4 format=2]

[ext_resource path="res://UI/Ingame_menu.tscn" type="PackedScene" id=1]
[ext_resource path="res://UI/Statistics_attribute.gd" type="Script" id=2]

[sub_resource type="StyleBoxFlat" id=1]
bg_color = Color( 0.972549, 0.768627, 0.545098, 1 )
border_width_left = 2
border_width_top = 2
border_width_right = 2
border_width_bottom = 2
border_color = Color( 0, 0, 0, 1 )

[node name="Menu" instance=ExtResource( 1 )]
margin_left = -215.0
margin_top = -167.0
margin_right = -1705.0
margin_bottom = -913.0
script = ExtResource( 2 )

[node name="MarginContainer" parent="PanelOuter" index="0"]
margin_right = 429.0
margin_bottom = 347.0

[node name="PanelInner" parent="PanelOuter/MarginContainer" index="0"]
margin_right = 422.0
margin_bottom = 340.0

[node name="MarginContainer" parent="PanelOuter/MarginContainer/PanelInner" index="0"]
margin_right = 415.0
margin_bottom = 333.0

[node name="VBoxContainer" type="VBoxContainer" parent="PanelOuter/MarginContainer/PanelInner/MarginContainer" index="0"]
margin_left = 5.0
margin_top = 12.0
margin_right = 409.0
margin_bottom = 320.0

[node name="Attribute_name" type="Label" parent="PanelOuter/MarginContainer/PanelInner/MarginContainer/VBoxContainer" index="0"]
margin_right = 404.0
margin_bottom = 14.0
text = "AttributeName"
align = 1

[node name="Spacer" type="Label" parent="PanelOuter/MarginContainer/PanelInner/MarginContainer/VBoxContainer" index="1"]
margin_top = 18.0
margin_right = 404.0
margin_bottom = 32.0
text = " "

[node name="VBoxContainer" type="VBoxContainer" parent="PanelOuter/MarginContainer/PanelInner/MarginContainer/VBoxContainer" index="2"]
margin_top = 36.0
margin_right = 404.0
margin_bottom = 304.0
__meta__ = {
"_edit_use_anchors_": false
}

[node name="Mean_value" type="Label" parent="PanelOuter/MarginContainer/PanelInner/MarginContainer/VBoxContainer/VBoxContainer" index="0"]
margin_right = 404.0
margin_bottom = 14.0
custom_colors/font_color = Color( 0, 0, 0, 1 )
text = "Mean Value"

[node name="Panel" type="Panel" parent="PanelOuter/MarginContainer/PanelInner/MarginContainer/VBoxContainer/VBoxContainer" index="1"]
margin_top = 18.0
margin_right = 404.0
margin_bottom = 222.0
rect_min_size = Vector2( 404, 204 )
custom_styles/panel = SubResource( 1 )

[node name="Time" type="Label" parent="PanelOuter/MarginContainer/PanelInner/MarginContainer/VBoxContainer/VBoxContainer" index="2"]
margin_top = 226.0
margin_right = 404.0
margin_bottom = 240.0
custom_colors/font_color = Color( 0, 0, 0, 1 )
text = "Time"
align = 2

[node name="HBoxContainer" type="HBoxContainer" parent="PanelOuter/MarginContainer/PanelInner/MarginContainer/VBoxContainer/VBoxContainer" index="3"]
margin_top = 244.0
margin_right = 404.0
margin_bottom = 268.0
__meta__ = {
"_edit_use_anchors_": false
}

[node name="Back" type="Button" parent="PanelOuter/MarginContainer/PanelInner/MarginContainer/VBoxContainer/VBoxContainer/HBoxContainer" index="0"]
margin_right = 38.0
margin_bottom = 24.0
text = "Back"

[connection signal="pressed" from="PanelOuter/MarginContainer/PanelInner/MarginContainer/VBoxContainer/VBoxContainer/HBoxContainer/Back" to="." method="_on_Back_pressed"]
