[gd_scene load_steps=4 format=2]

[ext_resource path="res://UI/Ingame_menu.tscn" type="PackedScene" id=1]
[ext_resource path="res://UI/Statistics_main.gd" type="Script" id=2]

[sub_resource type="StyleBoxLine" id=1]

[node name="Menu" instance=ExtResource( 1 )]
margin_left = -135.0
margin_top = -188.0
margin_right = -1785.0
margin_bottom = -891.0
script = ExtResource( 2 )

[node name="MarginContainer" parent="PanelOuter" index="0"]
margin_right = 269.0
margin_bottom = 416.0

[node name="PanelInner" parent="PanelOuter/MarginContainer" index="0"]
margin_right = 262.0
margin_bottom = 409.0

[node name="MarginContainer" parent="PanelOuter/MarginContainer/PanelInner" index="0"]
margin_right = 255.0
margin_bottom = 402.0

[node name="ScrollContainer" type="ScrollContainer" parent="PanelOuter/MarginContainer/PanelInner/MarginContainer" index="0"]
margin_left = 5.0
margin_top = 12.0
margin_right = 249.0
margin_bottom = 389.0
rect_min_size = Vector2( 244, 377 )

[node name="VBoxContainer" type="VBoxContainer" parent="PanelOuter/MarginContainer/PanelInner/MarginContainer/ScrollContainer" index="0"]
margin_right = 244.0
margin_bottom = 498.0

[node name="Head" type="HBoxContainer" parent="PanelOuter/MarginContainer/PanelInner/MarginContainer/ScrollContainer/VBoxContainer" index="0"]
margin_right = 244.0
margin_bottom = 24.0

[node name="Header" type="Label" parent="PanelOuter/MarginContainer/PanelInner/MarginContainer/ScrollContainer/VBoxContainer/Head" index="0"]
margin_top = 5.0
margin_right = 180.0
margin_bottom = 19.0
rect_min_size = Vector2( 180, 0 )
text = "Attribute Statistics"
align = 1
valign = 1

[node name="Button" type="Button" parent="PanelOuter/MarginContainer/PanelInner/MarginContainer/ScrollContainer/VBoxContainer/Head" index="1"]
margin_left = 184.0
margin_right = 222.0
margin_bottom = 24.0
mouse_filter = 1
text = "Back"

[node name="Labels" type="HBoxContainer" parent="PanelOuter/MarginContainer/PanelInner/MarginContainer/ScrollContainer/VBoxContainer" index="1"]
margin_top = 28.0
margin_right = 244.0
margin_bottom = 42.0

[node name="Attribute" type="Label" parent="PanelOuter/MarginContainer/PanelInner/MarginContainer/ScrollContainer/VBoxContainer/Labels" index="0"]
margin_right = 120.0
margin_bottom = 14.0
rect_min_size = Vector2( 120, 0 )
text = "Attribute:"
__meta__ = {
"_edit_use_anchors_": false
}

[node name="Mean_value" type="Label" parent="PanelOuter/MarginContainer/PanelInner/MarginContainer/ScrollContainer/VBoxContainer/Labels" index="1"]
margin_left = 124.0
margin_right = 244.0
margin_bottom = 14.0
rect_min_size = Vector2( 120, 0 )
text = "Mean Value:"
align = 1
__meta__ = {
"_edit_use_anchors_": false
}

[node name="HSeparator2" type="HSeparator" parent="PanelOuter/MarginContainer/PanelInner/MarginContainer/ScrollContainer/VBoxContainer" index="2"]
margin_top = 46.0
margin_right = 244.0
margin_bottom = 50.0
custom_styles/separator = SubResource( 1 )

[node name="Total_amount" type="HBoxContainer" parent="PanelOuter/MarginContainer/PanelInner/MarginContainer/ScrollContainer/VBoxContainer" index="3"]
margin_top = 54.0
margin_right = 244.0
margin_bottom = 78.0

[node name="Button" type="Button" parent="PanelOuter/MarginContainer/PanelInner/MarginContainer/ScrollContainer/VBoxContainer/Total_amount" index="0"]
margin_right = 120.0
margin_bottom = 24.0
rect_min_size = Vector2( 120, 0 )
mouse_filter = 1
text = "Total Fishes"

[node name="Label" type="Label" parent="PanelOuter/MarginContainer/PanelInner/MarginContainer/ScrollContainer/VBoxContainer/Total_amount" index="1"]
margin_left = 124.0
margin_top = 5.0
margin_right = 244.0
margin_bottom = 19.0
rect_min_size = Vector2( 120, 0 )
text = "0"
align = 1
__meta__ = {
"_edit_use_anchors_": false
}

[node name="Height" type="HBoxContainer" parent="PanelOuter/MarginContainer/PanelInner/MarginContainer/ScrollContainer/VBoxContainer" index="4"]
margin_top = 82.0
margin_right = 244.0
margin_bottom = 106.0

[node name="Button" type="Button" parent="PanelOuter/MarginContainer/PanelInner/MarginContainer/ScrollContainer/VBoxContainer/Height" index="0"]
margin_right = 120.0
margin_bottom = 24.0
rect_min_size = Vector2( 120, 0 )
mouse_filter = 1
text = "Height"

[node name="Label" type="Label" parent="PanelOuter/MarginContainer/PanelInner/MarginContainer/ScrollContainer/VBoxContainer/Height" index="1"]
margin_left = 124.0
margin_top = 5.0
margin_right = 244.0
margin_bottom = 19.0
rect_min_size = Vector2( 120, 0 )
text = "0"
align = 1
__meta__ = {
"_edit_use_anchors_": false
}

[node name="Width" type="HBoxContainer" parent="PanelOuter/MarginContainer/PanelInner/MarginContainer/ScrollContainer/VBoxContainer" index="5"]
margin_top = 110.0
margin_right = 244.0
margin_bottom = 134.0

[node name="Button" type="Button" parent="PanelOuter/MarginContainer/PanelInner/MarginContainer/ScrollContainer/VBoxContainer/Width" index="0"]
margin_right = 120.0
margin_bottom = 24.0
rect_min_size = Vector2( 120, 0 )
mouse_filter = 1
text = "Widht"

[node name="Label" type="Label" parent="PanelOuter/MarginContainer/PanelInner/MarginContainer/ScrollContainer/VBoxContainer/Width" index="1"]
margin_left = 124.0
margin_top = 5.0
margin_right = 244.0
margin_bottom = 19.0
rect_min_size = Vector2( 120, 0 )
text = "0"
align = 1
__meta__ = {
"_edit_use_anchors_": false
}

[node name="Mass" type="HBoxContainer" parent="PanelOuter/MarginContainer/PanelInner/MarginContainer/ScrollContainer/VBoxContainer" index="6"]
margin_top = 138.0
margin_right = 244.0
margin_bottom = 162.0

[node name="Button" type="Button" parent="PanelOuter/MarginContainer/PanelInner/MarginContainer/ScrollContainer/VBoxContainer/Mass" index="0"]
margin_right = 120.0
margin_bottom = 24.0
rect_min_size = Vector2( 120, 0 )
mouse_filter = 1
text = "Mass"

[node name="Label" type="Label" parent="PanelOuter/MarginContainer/PanelInner/MarginContainer/ScrollContainer/VBoxContainer/Mass" index="1"]
margin_left = 124.0
margin_top = 5.0
margin_right = 244.0
margin_bottom = 19.0
rect_min_size = Vector2( 120, 0 )
text = "0"
align = 1
__meta__ = {
"_edit_use_anchors_": false
}

[node name="Fin_size" type="HBoxContainer" parent="PanelOuter/MarginContainer/PanelInner/MarginContainer/ScrollContainer/VBoxContainer" index="7"]
margin_top = 166.0
margin_right = 244.0
margin_bottom = 190.0

[node name="Button" type="Button" parent="PanelOuter/MarginContainer/PanelInner/MarginContainer/ScrollContainer/VBoxContainer/Fin_size" index="0"]
margin_right = 120.0
margin_bottom = 24.0
rect_min_size = Vector2( 120, 0 )
mouse_filter = 1
text = "Fin Size"

[node name="Label" type="Label" parent="PanelOuter/MarginContainer/PanelInner/MarginContainer/ScrollContainer/VBoxContainer/Fin_size" index="1"]
margin_left = 124.0
margin_top = 5.0
margin_right = 244.0
margin_bottom = 19.0
rect_min_size = Vector2( 120, 0 )
text = "0"
align = 1
__meta__ = {
"_edit_use_anchors_": false
}

[node name="Eye_size" type="HBoxContainer" parent="PanelOuter/MarginContainer/PanelInner/MarginContainer/ScrollContainer/VBoxContainer" index="8"]
margin_top = 194.0
margin_right = 244.0
margin_bottom = 218.0

[node name="Button" type="Button" parent="PanelOuter/MarginContainer/PanelInner/MarginContainer/ScrollContainer/VBoxContainer/Eye_size" index="0"]
margin_right = 120.0
margin_bottom = 24.0
rect_min_size = Vector2( 120, 0 )
mouse_filter = 1
text = "Eye Size"

[node name="Label" type="Label" parent="PanelOuter/MarginContainer/PanelInner/MarginContainer/ScrollContainer/VBoxContainer/Eye_size" index="1"]
margin_left = 124.0
margin_top = 5.0
margin_right = 244.0
margin_bottom = 19.0
rect_min_size = Vector2( 120, 0 )
text = "0"
align = 1
__meta__ = {
"_edit_use_anchors_": false
}

[node name="Mouth_size" type="HBoxContainer" parent="PanelOuter/MarginContainer/PanelInner/MarginContainer/ScrollContainer/VBoxContainer" index="9"]
margin_top = 222.0
margin_right = 244.0
margin_bottom = 246.0

[node name="Button" type="Button" parent="PanelOuter/MarginContainer/PanelInner/MarginContainer/ScrollContainer/VBoxContainer/Mouth_size" index="0"]
margin_right = 120.0
margin_bottom = 24.0
rect_min_size = Vector2( 120, 0 )
mouse_filter = 1
text = "Mouth Size"

[node name="Label" type="Label" parent="PanelOuter/MarginContainer/PanelInner/MarginContainer/ScrollContainer/VBoxContainer/Mouth_size" index="1"]
margin_left = 124.0
margin_top = 5.0
margin_right = 244.0
margin_bottom = 19.0
rect_min_size = Vector2( 120, 0 )
text = "0"
align = 1
__meta__ = {
"_edit_use_anchors_": false
}

[node name="Teeth_size" type="HBoxContainer" parent="PanelOuter/MarginContainer/PanelInner/MarginContainer/ScrollContainer/VBoxContainer" index="10"]
margin_top = 250.0
margin_right = 244.0
margin_bottom = 274.0

[node name="Button" type="Button" parent="PanelOuter/MarginContainer/PanelInner/MarginContainer/ScrollContainer/VBoxContainer/Teeth_size" index="0"]
margin_right = 120.0
margin_bottom = 24.0
rect_min_size = Vector2( 120, 0 )
mouse_filter = 1
text = "Teeth Size"

[node name="Label" type="Label" parent="PanelOuter/MarginContainer/PanelInner/MarginContainer/ScrollContainer/VBoxContainer/Teeth_size" index="1"]
margin_left = 124.0
margin_top = 5.0
margin_right = 244.0
margin_bottom = 19.0
rect_min_size = Vector2( 120, 0 )
text = "0"
align = 1
__meta__ = {
"_edit_use_anchors_": false
}

[node name="Aggressive" type="HBoxContainer" parent="PanelOuter/MarginContainer/PanelInner/MarginContainer/ScrollContainer/VBoxContainer" index="11"]
margin_top = 278.0
margin_right = 244.0
margin_bottom = 302.0

[node name="Button" type="Button" parent="PanelOuter/MarginContainer/PanelInner/MarginContainer/ScrollContainer/VBoxContainer/Aggressive" index="0"]
margin_right = 120.0
margin_bottom = 24.0
rect_min_size = Vector2( 120, 0 )
mouse_filter = 1
text = "Aggressive"

[node name="Label" type="Label" parent="PanelOuter/MarginContainer/PanelInner/MarginContainer/ScrollContainer/VBoxContainer/Aggressive" index="1"]
margin_left = 124.0
margin_top = 5.0
margin_right = 244.0
margin_bottom = 19.0
rect_min_size = Vector2( 120, 0 )
text = "0"
align = 1
__meta__ = {
"_edit_use_anchors_": false
}

[node name="Nervous" type="HBoxContainer" parent="PanelOuter/MarginContainer/PanelInner/MarginContainer/ScrollContainer/VBoxContainer" index="12"]
margin_top = 306.0
margin_right = 244.0
margin_bottom = 330.0

[node name="Button" type="Button" parent="PanelOuter/MarginContainer/PanelInner/MarginContainer/ScrollContainer/VBoxContainer/Nervous" index="0"]
margin_right = 120.0
margin_bottom = 24.0
rect_min_size = Vector2( 120, 0 )
mouse_filter = 1
text = "Nervous"

[node name="Label" type="Label" parent="PanelOuter/MarginContainer/PanelInner/MarginContainer/ScrollContainer/VBoxContainer/Nervous" index="1"]
margin_left = 124.0
margin_top = 5.0
margin_right = 244.0
margin_bottom = 19.0
rect_min_size = Vector2( 120, 0 )
text = "0"
align = 1
__meta__ = {
"_edit_use_anchors_": false
}

[node name="Hunger" type="HBoxContainer" parent="PanelOuter/MarginContainer/PanelInner/MarginContainer/ScrollContainer/VBoxContainer" index="13"]
margin_top = 334.0
margin_right = 244.0
margin_bottom = 358.0

[node name="Button" type="Button" parent="PanelOuter/MarginContainer/PanelInner/MarginContainer/ScrollContainer/VBoxContainer/Hunger" index="0"]
margin_right = 120.0
margin_bottom = 24.0
rect_min_size = Vector2( 120, 0 )
mouse_filter = 1
text = "Hunger"

[node name="Label" type="Label" parent="PanelOuter/MarginContainer/PanelInner/MarginContainer/ScrollContainer/VBoxContainer/Hunger" index="1"]
margin_left = 124.0
margin_top = 5.0
margin_right = 244.0
margin_bottom = 19.0
rect_min_size = Vector2( 120, 0 )
text = "0"
align = 1
__meta__ = {
"_edit_use_anchors_": false
}

[node name="Passion" type="HBoxContainer" parent="PanelOuter/MarginContainer/PanelInner/MarginContainer/ScrollContainer/VBoxContainer" index="14"]
margin_top = 362.0
margin_right = 244.0
margin_bottom = 386.0

[node name="Button" type="Button" parent="PanelOuter/MarginContainer/PanelInner/MarginContainer/ScrollContainer/VBoxContainer/Passion" index="0"]
margin_right = 120.0
margin_bottom = 24.0
rect_min_size = Vector2( 120, 0 )
mouse_filter = 1
text = "Passion"

[node name="Label" type="Label" parent="PanelOuter/MarginContainer/PanelInner/MarginContainer/ScrollContainer/VBoxContainer/Passion" index="1"]
margin_left = 124.0
margin_top = 5.0
margin_right = 244.0
margin_bottom = 19.0
rect_min_size = Vector2( 120, 0 )
text = "0"
align = 1
__meta__ = {
"_edit_use_anchors_": false
}

[node name="Selfish" type="HBoxContainer" parent="PanelOuter/MarginContainer/PanelInner/MarginContainer/ScrollContainer/VBoxContainer" index="15"]
margin_top = 390.0
margin_right = 244.0
margin_bottom = 414.0

[node name="Button" type="Button" parent="PanelOuter/MarginContainer/PanelInner/MarginContainer/ScrollContainer/VBoxContainer/Selfish" index="0"]
margin_right = 120.0
margin_bottom = 24.0
rect_min_size = Vector2( 120, 0 )
mouse_filter = 1
text = "Selfish"

[node name="Label" type="Label" parent="PanelOuter/MarginContainer/PanelInner/MarginContainer/ScrollContainer/VBoxContainer/Selfish" index="1"]
margin_left = 124.0
margin_top = 5.0
margin_right = 244.0
margin_bottom = 19.0
rect_min_size = Vector2( 120, 0 )
text = "0"
align = 1
__meta__ = {
"_edit_use_anchors_": false
}

[node name="Conforming" type="HBoxContainer" parent="PanelOuter/MarginContainer/PanelInner/MarginContainer/ScrollContainer/VBoxContainer" index="16"]
margin_top = 418.0
margin_right = 244.0
margin_bottom = 442.0

[node name="Button" type="Button" parent="PanelOuter/MarginContainer/PanelInner/MarginContainer/ScrollContainer/VBoxContainer/Conforming" index="0"]
margin_right = 120.0
margin_bottom = 24.0
rect_min_size = Vector2( 120, 0 )
mouse_filter = 1
text = "Conforming"

[node name="Label" type="Label" parent="PanelOuter/MarginContainer/PanelInner/MarginContainer/ScrollContainer/VBoxContainer/Conforming" index="1"]
margin_left = 124.0
margin_top = 5.0
margin_right = 244.0
margin_bottom = 19.0
rect_min_size = Vector2( 120, 0 )
text = "0"
align = 1
__meta__ = {
"_edit_use_anchors_": false
}

[node name="Mutable" type="HBoxContainer" parent="PanelOuter/MarginContainer/PanelInner/MarginContainer/ScrollContainer/VBoxContainer" index="17"]
margin_top = 446.0
margin_right = 244.0
margin_bottom = 470.0

[node name="Button" type="Button" parent="PanelOuter/MarginContainer/PanelInner/MarginContainer/ScrollContainer/VBoxContainer/Mutable" index="0"]
margin_right = 120.0
margin_bottom = 24.0
rect_min_size = Vector2( 120, 0 )
mouse_filter = 1
text = "Mutable"

[node name="Label" type="Label" parent="PanelOuter/MarginContainer/PanelInner/MarginContainer/ScrollContainer/VBoxContainer/Mutable" index="1"]
margin_left = 124.0
margin_top = 5.0
margin_right = 244.0
margin_bottom = 19.0
rect_min_size = Vector2( 120, 0 )
text = "0"
align = 1
__meta__ = {
"_edit_use_anchors_": false
}

[node name="Gender" type="HBoxContainer" parent="PanelOuter/MarginContainer/PanelInner/MarginContainer/ScrollContainer/VBoxContainer" index="18"]
margin_top = 474.0
margin_right = 244.0
margin_bottom = 498.0

[node name="Button" type="Button" parent="PanelOuter/MarginContainer/PanelInner/MarginContainer/ScrollContainer/VBoxContainer/Gender" index="0"]
margin_right = 120.0
margin_bottom = 24.0
rect_min_size = Vector2( 120, 0 )
mouse_filter = 1
text = "Gender"

[node name="Label" type="Label" parent="PanelOuter/MarginContainer/PanelInner/MarginContainer/ScrollContainer/VBoxContainer/Gender" index="1"]
margin_left = 124.0
margin_top = 5.0
margin_right = 244.0
margin_bottom = 19.0
rect_min_size = Vector2( 120, 0 )
text = "0"
align = 1
__meta__ = {
"_edit_use_anchors_": false
}

[connection signal="mouse_entered" from="PanelOuter/MarginContainer/PanelInner/MarginContainer" to="." method="_on_MarginContainer_inside_mouse_entered"]
[connection signal="mouse_exited" from="PanelOuter/MarginContainer/PanelInner/MarginContainer" to="." method="_on_MarginContainer_inside_mouse_exited"]
[connection signal="mouse_entered" from="PanelOuter/MarginContainer/PanelInner/MarginContainer/ScrollContainer" to="." method="_on_ScrollContainer_inner_mouse_entered"]
[connection signal="mouse_exited" from="PanelOuter/MarginContainer/PanelInner/MarginContainer/ScrollContainer" to="." method="_on_ScrollContainer_inner_mouse_exited"]
[connection signal="pressed" from="PanelOuter/MarginContainer/PanelInner/MarginContainer/ScrollContainer/VBoxContainer/Head/Button" to="." method="_on_Button_back_pressed"]
[connection signal="pressed" from="PanelOuter/MarginContainer/PanelInner/MarginContainer/ScrollContainer/VBoxContainer/Total_amount/Button" to="." method="_on_Button_total_fishes_pressed"]
[connection signal="pressed" from="PanelOuter/MarginContainer/PanelInner/MarginContainer/ScrollContainer/VBoxContainer/Height/Button" to="." method="_on_Button_height_pressed"]
[connection signal="pressed" from="PanelOuter/MarginContainer/PanelInner/MarginContainer/ScrollContainer/VBoxContainer/Width/Button" to="." method="_on_Button_width_pressed"]
[connection signal="pressed" from="PanelOuter/MarginContainer/PanelInner/MarginContainer/ScrollContainer/VBoxContainer/Mass/Button" to="." method="_on_Button_mass_pressed"]
[connection signal="pressed" from="PanelOuter/MarginContainer/PanelInner/MarginContainer/ScrollContainer/VBoxContainer/Fin_size/Button" to="." method="_on_Button_fin_size_pressed"]
[connection signal="pressed" from="PanelOuter/MarginContainer/PanelInner/MarginContainer/ScrollContainer/VBoxContainer/Eye_size/Button" to="." method="_on_Button_eye_size_pressed"]
[connection signal="pressed" from="PanelOuter/MarginContainer/PanelInner/MarginContainer/ScrollContainer/VBoxContainer/Mouth_size/Button" to="." method="_on_Button_mouth_size_pressed"]
[connection signal="pressed" from="PanelOuter/MarginContainer/PanelInner/MarginContainer/ScrollContainer/VBoxContainer/Teeth_size/Button" to="." method="_on_Button_teeth_size_pressed"]
[connection signal="pressed" from="PanelOuter/MarginContainer/PanelInner/MarginContainer/ScrollContainer/VBoxContainer/Aggressive/Button" to="." method="_on_Button_aggressive_pressed"]
[connection signal="pressed" from="PanelOuter/MarginContainer/PanelInner/MarginContainer/ScrollContainer/VBoxContainer/Nervous/Button" to="." method="_on_Button_nervous_pressed"]
[connection signal="pressed" from="PanelOuter/MarginContainer/PanelInner/MarginContainer/ScrollContainer/VBoxContainer/Hunger/Button" to="." method="_on_Button_hunger_pressed"]
[connection signal="pressed" from="PanelOuter/MarginContainer/PanelInner/MarginContainer/ScrollContainer/VBoxContainer/Passion/Button" to="." method="_on_Button_passion_pressed"]
[connection signal="pressed" from="PanelOuter/MarginContainer/PanelInner/MarginContainer/ScrollContainer/VBoxContainer/Selfish/Button" to="." method="_on_Button_selfish_pressed"]
[connection signal="pressed" from="PanelOuter/MarginContainer/PanelInner/MarginContainer/ScrollContainer/VBoxContainer/Conforming/Button" to="." method="_on_Button_conforming_pressed"]
[connection signal="pressed" from="PanelOuter/MarginContainer/PanelInner/MarginContainer/ScrollContainer/VBoxContainer/Mutable/Button" to="." method="_on_Button_mutable_pressed"]
[connection signal="pressed" from="PanelOuter/MarginContainer/PanelInner/MarginContainer/ScrollContainer/VBoxContainer/Gender/Button" to="." method="_on_Button_gender_pressed"]
