[gd_scene load_steps=13 format=2]

[ext_resource path="res://assets/fish/no_colors/body_nc.png" type="Texture" id=1]
[ext_resource path="res://assets/fish/mouth_bot_bl.png" type="Texture" id=2]
[ext_resource path="res://assets/fish/teeth_bl.png" type="Texture" id=3]
[ext_resource path="res://assets/fish/mouth_top_bl.png" type="Texture" id=4]
[ext_resource path="res://assets/fish/eye_left_bl.png" type="Texture" id=5]
[ext_resource path="res://assets/fish/mouth_inside_bl.png" type="Texture" id=6]
[ext_resource path="res://assets/fish/no_colors/fin_back_nc.png" type="Texture" id=7]
[ext_resource path="res://assets/fish/no_colors/fin_bot_nc.png" type="Texture" id=8]
[ext_resource path="res://assets/fish/eye_right_bl.png" type="Texture" id=9]
[ext_resource path="res://assets/fish/no_colors/fin_top_nc.png" type="Texture" id=10]
[ext_resource path="res://assets/fish/eye_left_blod.png" type="Texture" id=11]
[ext_resource path="res://assets/fish/eye_right_blod.png" type="Texture" id=12]

[node name="Node2D" type="Node2D"]
scale = Vector2( 0.08, 0.08 )

[node name="Sprite" type="Sprite" parent="."]
modulate = Color( 0.784314, 0.176471, 0.933333, 1 )
texture = ExtResource( 1 )

[node name="eye_left_bl" type="Sprite" parent="."]
position = Vector2( -153.01, -83.1253 )
texture = ExtResource( 5 )

[node name="Blod" type="Sprite" parent="eye_left_bl"]
modulate = Color( 1, 0, 0, 1 )
texture = ExtResource( 11 )

[node name="eye_right_bl" type="Sprite" parent="."]
position = Vector2( -110.323, -74.8892 )
texture = ExtResource( 9 )

[node name="Blod" type="Sprite" parent="eye_right_bl"]
modulate = Color( 1, 0, 0, 1 )
texture = ExtResource( 12 )

[node name="mouth_inside_bl" type="Sprite" parent="."]
position = Vector2( -162.752, 39.562 )
texture = ExtResource( 6 )

[node name="mouth_bot_bl" type="Sprite" parent="."]
position = Vector2( -161.648, 53.3723 )
texture = ExtResource( 2 )

[node name="teeth_bl" type="Sprite" parent="."]
position = Vector2( -161.872, 44.2537 )
texture = ExtResource( 3 )

[node name="mouth_top_bl" type="Sprite" parent="."]
position = Vector2( -161.872, 21.0517 )
texture = ExtResource( 4 )

[node name="fin_back_bl" type="Sprite" parent="."]
position = Vector2( 204.94, -1.04532 )
texture = ExtResource( 7 )

[node name="fin_bot_bl" type="Sprite" parent="."]
position = Vector2( 19.3242, 143.69 )
texture = ExtResource( 8 )

[node name="fin_top_bl" type="Sprite" parent="."]
position = Vector2( -3.87764, -145.781 )
texture = ExtResource( 10 )
